<collection xmlns="http://www.loc.gov/MARC21/slim">
   <record>
      <leader>02153cam a22003613i 45 0</leader>
      <controlfield tag="001">6776117</controlfield>
      <controlfield tag="003">OCoLC</controlfield>
      <controlfield tag="005">20150114114032.0</controlfield>
      <controlfield tag="008">140319t20152014nyu           000 0 eng d</controlfield>
      <datafield ind1=" " ind2=" " tag="020">
         <subfield code="a">9781476745022</subfield>
      </datafield>
      <datafield ind1=" " ind2=" " tag="020">
         <subfield code="a">1476745021</subfield>
      </datafield>
      <datafield ind1=" " ind2=" " tag="035">
         <subfield code="a">ocn905585874</subfield>
      </datafield>
      <datafield ind1=" " ind2=" " tag="040">
         <subfield code="a">BTCTA</subfield>
         <subfield code="b">eng</subfield>
         <subfield code="e">rda</subfield>
         <subfield code="c">BTCTA</subfield>
         <subfield code="d">BDX</subfield>
         <subfield code="d">ARDC</subfield>
         <subfield code="d">AEVC</subfield>
      </datafield>
      <datafield ind1=" " ind2=" " tag="090">
         <subfield code="a">Mystery JAN</subfield>
         <subfield code="b">AEVC</subfield>
      </datafield>
      <datafield ind1=" " ind2=" " tag="090">
         <subfield code="a">JAN</subfield>
         <subfield code="b">ARDC</subfield>
      </datafield>
      <datafield ind1="1" ind2=" " tag="100">
         <subfield code="a">Jance, Judith A.,</subfield>
         <subfield code="e">author.</subfield>
         <subfield code="0">http://id.loc.gov/authorities/names/n84204198</subfield>
         <subfield code="0">http://viaf.org/viaf/85471804</subfield>
      </datafield>
      <datafield ind1="1" ind2="0" tag="245">
         <subfield code="a">Moving target /</subfield>
         <subfield code="c">J. A. Jance</subfield>
      </datafield>
      <datafield ind1=" " ind2="1" tag="264">
         <subfield code="a">New York :</subfield>
         <subfield code="b">Pocket Books</subfield>
         <subfield code="c">2015.</subfield>
      </datafield>
      <datafield ind1=" " ind2="4" tag="264">
         <subfield code="c">©2014</subfield>
      </datafield>
      <datafield ind1=" " ind2=" " tag="300">
         <subfield code="a">405 pages ;</subfield>
         <subfield code="c">19 cm.</subfield>
      </datafield>
      <datafield ind1=" " ind2=" " tag="336">
         <subfield code="a">text</subfield>
         <subfield code="2">rdacontent</subfield>
         <subfield code="0">http://id.loc.gov/vocabulary/contentTypes/txt</subfield>
      </datafield>
      <datafield ind1=" " ind2=" " tag="337">
         <subfield code="a">unmediated</subfield>
         <subfield code="2">rdamedia</subfield>
         <subfield code="0">http://id.loc.gov/vocabulary/mediaTypes/n</subfield>
      </datafield>
      <datafield ind1=" " ind2=" " tag="338">
         <subfield code="a">volume</subfield>
         <subfield code="3">rdacarrier</subfield>
      </datafield>
      <datafield ind1=" " ind2=" " tag="500">
         <subfield code="a">"Features a brand-new Ali Reynolds novella, The Last Goodbye, and an excerpt from author's upcoming new thriller, Cold Betrayal"--Cover.</subfield>
      </datafield>
      <datafield ind1=" " ind2=" " tag="520">
         <subfield code="a">while vacationing in England with her longtime aide-de-camp, Leland Brooks, Ali finds herself sucked into the investigation of his father's decades-old unsolved murder. Meanwhile, back in the States, her fiance, B. Simpson is fixated on the attempted murder of a juvenile offender he helped incarcerate. The kid is famous in the hacker world for revolutionary software that criminal minds will do anything to get their hands on. B. turns to Ali's close friend, Taser-carrying nun Sister Anselm, for help protecting the boy as Ali does her best to search for clues in both cases.</subfield>
      </datafield>
      <datafield ind1=" " ind2=" " tag="596">
         <subfield code="a">3 35</subfield>
      </datafield>
      <datafield ind1=" " ind2="0" tag="650">
         <subfield code="a">Reynolds, Ali (Fictitious character)</subfield>
         <subfield code="v">Fiction.</subfield>
      </datafield>
      <datafield ind1=" " ind2="0" tag="651">
         <subfield code="a">Arizona</subfield>
         <subfield code="v">Fiction.</subfield>
         <subfield code="0">http://id.loc.gov/authorities/subjects/sh2007100488</subfield>
      </datafield>
      <datafield ind1=" " ind2="2" tag="740">
         <subfield code="a">The Last Goodbye</subfield>
      </datafield>
      <datafield ind1=" " ind2=" " tag="758">
         <subfield code="0">http://worldcat.org/entity/work/id/24069545</subfield>
      </datafield>
      <datafield ind1="0" ind2=" " tag="787">
         <subfield code="n">OCLC Work Id</subfield>
         <subfield code="o">http://worldcat.org/entity/work/id/24069545</subfield>
      </datafield>
      <datafield ind1=" " ind2=" " tag="926">
         <subfield code="a">JAN</subfield>
         <subfield code="w">LC</subfield>
         <subfield code="c">1</subfield>
         <subfield code="i">30125302523054</subfield>
         <subfield code="d">3/7/2017</subfield>
         <subfield code="e">12/11/2016</subfield>
         <subfield code="l">PAPERBACKS</subfield>
         <subfield code="m">RED_DEER_C</subfield>
         <subfield code="n">2</subfield>
         <subfield code="r">Y</subfield>
         <subfield code="s">Y</subfield>
         <subfield code="t">BOOK</subfield>
         <subfield code="u">1/14/2015</subfield>
      </datafield>
      <datafield ind1=" " ind2=" " tag="926">
         <subfield code="a">Mystery JAN</subfield>
         <subfield code="w">ASIS</subfield>
         <subfield code="c">1</subfield>
         <subfield code="i">33862001356470</subfield>
         <subfield code="d">9/18/2015</subfield>
         <subfield code="e">8/31/2015</subfield>
         <subfield code="l">PAPERBACKS</subfield>
         <subfield code="m">NORQ_MAIN</subfield>
         <subfield code="n">1</subfield>
         <subfield code="p">$8.99</subfield>
         <subfield code="r">Y</subfield>
         <subfield code="s">Y</subfield>
         <subfield code="t">PAPERBACK</subfield>
         <subfield code="u">3/23/2015</subfield>
      </datafield>
   </record>
</collection>
